Automatically generated by Mendeley Desktop 1.17.9
Any changes to this file will be lost if it is regenerated by Mendeley.

BibTeX export options can be customized via Preferences -> BibTeX in Mendeley Desktop

@article{royalty1976private,
	title={Private placement exemptions and the blue sky laws -- Shoals in the safe harbor},
	author={Royalty, Robert M and Jones, Thomas E},
	journal={Washington and Lee Law Review},
	volume={33},
	pages={877},
	year={1976},
	publisher={HeinOnline}
}

@article{johnson2010private,
	title={Private Placements: A Regulatory Black Hole},
	author={Johnson, Jennifer J},
	journal={Delaware Journal of Corporate Law},
	volume={35},
	pages={151},
	year={2010},
	publisher={HeinOnline}
}